@book{hindley2008lambda,
  title={Lambda-calculus and combinators: an introduction},
  author={Hindley, J Roger and Seldin, Jonathan P},
  year={2008},
  publisher={Cambridge University Press}
}

@book{hindley1997basic,
  title={Basic simple type theory},
  author={Hindley, J Roger},
  number={42},
  year={1997},
  publisher={Cambridge University Press}
}

@book{sorensen2006lectures,
  title={Lectures on the Curry-Howard isomorphism},
  author={S{\o}rensen, Morten Heine and Urzyczyn, Pawel},
  year={2006},
  publisher={Elsevier}
}

@book{Barendregt1984-BARTLC,
	address = {New York, N.Y.},
	author = {Hendrik Pieter Barendregt},
	editor = {},
	publisher = {Sole distributors for the U.S.A. and Canada, Elsevier Science Pub. Co.},
	title = {The Lambda Calculus: Its Syntax and Semantics},
	year = {1984}
}

